@InProceedings{Whiteson:2006:OEC:1143997.1144252,
 author = {Whiteson, Shimon and Stone, Peter},
 title = {On-line evolutionary computation for reinforcement learning in stochastic domains},
 booktitle = {Proceedings of the 8th annual conference on Genetic and evolutionary computation},
 series = {GECCO '06},
 year = {2006},
 isbn = {1-59593-186-4},
 location = {Seattle, Washington, USA},
 pages = {1577--1584},
 numpages = {8},
 url = {http://doi.acm.org/10.1145/1143997.1144252},
 doi = {10.1145/1143997.1144252},
 acmid = {1144252},
 publisher = {ACM},
 address = {New York, NY, USA},
 keywords = {evolutionary computation, neural networks, on-line learning, reinforcement learning}
}

@InProceedings{Holmes:2008:EPU:1389095.1389390,
 author = {Holmes, Tim and Zanker, Johannes},
 title = {Eye on the prize: using overt visual attention to drive fitness for interactive evolutionary computation},
 booktitle = {Proceedings of the 10th annual conference on Genetic and evolutionary computation},
 series = {GECCO '08},
 year = {2008},
 isbn = {978-1-60558-130-9},
 location = {Atlanta, GA, USA},
 pages = {1531--1538},
 numpages = {8},
 url = {http://doi.acm.org/10.1145/1389095.1389390},
 doi = {10.1145/1389095.1389390},
 acmid = {1389390},
 publisher = {ACM},
 address = {New York, NY, USA},
 keywords = {attention, design/synthesis, eye-movements, fitness evaluation, genetic algorithm, interactive evolutionary computation, visual perception}
}

@inproceedings{Dresner:2008:MCF:1402821.1402881,
 author = {Dresner, Kurt and Stone, Peter},
 title = {Mitigating catastrophic failure at intersections of autonomous vehicles},
 booktitle = {Proceedings of the 7th international joint conference on Autonomous agents and multiagent systems - Volume 3},
 series = {AAMAS '08},
 year = {2008},
 isbn = {978-0-9817381-2-3},
 location = {Estoril, Portugal},
 pages = {1393--1396},
 numpages = {4},
 url = {http://dl.acm.org/citation.cfm?id=1402821.1402881},
 acmid = {1402881},
 publisher = {International Foundation for Autonomous Agents and Multiagent Systems},
 address = {Richland, SC},
 keywords = {autonomous vehicles, intelligent transportation systems, intersection control, multiagent systems}
}

@inproceedings{VanMiddlesworth:2008:RSS:1402821.1402886,
 author = {VanMiddlesworth, Mark and Dresner, Kurt and Stone, Peter},
 title = {Replacing the stop sign: unmanaged intersection control for autonomous vehicles},
 booktitle = {Proceedings of the 7th international joint conference on Autonomous agents and multiagent systems - Volume 3},
 series = {AAMAS '08},
 year = {2008},
 isbn = {978-0-9817381-2-3},
 location = {Estoril, Portugal},
 pages = {1413--1416},
 numpages = {4},
 url = {http://dl.acm.org/citation.cfm?id=1402821.1402886},
 acmid = {1402886},
 publisher = {International Foundation for Autonomous Agents and Multiagent Systems},
 address = {Richland, SC},
 keywords = {autonomous vehicles, intelligent transportation systems, intersection control, multiagent systems}
}