@InProceedings{Goldman:2011:RCC:2047196.2047215,
 author = {Goldman, Max and Little, Greg and Miller, Robert C.},
 title = {Real-time collaborative coding in a web IDE},
 booktitle = {Proceedings of the 24th annual ACM symposium on User interface software and technology},
 series = {UIST '11},
 year = {2011},
 isbn = {978-1-4503-0716-1},
 location = {Santa Barbara, California, USA},
 pages = {155--164},
 numpages = {10},
 url = {http://doi.acm.org/10.1145/2047196.2047215},
 doi = {10.1145/2047196.2047215},
 acmid = {2047215},
 publisher = {ACM},
 address = {New York, NY, USA},
 keywords = {collaboration, collaborative editing, pair programming}
}

@InProceedings{Goldman:2011:CCC:1984642.1984658,
 author = {Goldman, Max and Little, Greg and Miller, Robert C.},
 title = {Collabode: collaborative coding in the browser},
 booktitle = {Proceedings of the 4th International Workshop on Cooperative and Human Aspects of Software Engineering},
 series = {CHASE '11},
 year = {2011},
 isbn = {978-1-4503-0576-1},
 location = {Waikiki, Honolulu, HI, USA},
 pages = {65--68},
 numpages = {4},
 url = {http://doi.acm.org/10.1145/1984642.1984658},
 doi = {10.1145/1984642.1984658},
 acmid = {1984658},
 publisher = {ACM},
 address = {New York, NY, USA},
 keywords = {collaboration, outsourcing}
}

@Article{Hickey:2005:ECP:1040196.1040215,
 author = {Hickey, Timothy J. and Langton, John and Alterman, Richard},
 title = {Enhancing CS programming lab courses using collaborative editors},
 journal = {J. Comput. Sci. Coll.},
 issue_date = {February 2005},
 volume = {20},
 number = {3},
 month = feb,
 year = {2005},
 issn = {1937-4771},
 pages = {157--167},
 numpages = {11},
 url = {http://dl.acm.org/citation.cfm?id=1040196.1040215},
 acmid = {1040215},
 publisher = {Consortium for Computing Sciences in Colleges},
 address = {USA}
}

@InProceedings{Waldmann:2010:IGW:1867651.1867671,
 author = {Waldmann, Bethany A. and Lehman, Devon J.},
 title = {Integrating the google wave platform with eclipse for collaborative, real-time code creation},
 booktitle = {Proceedings of the 2010 ACM conference on Information technology education},
 series = {SIGITE '10},
 year = {2010},
 isbn = {978-1-4503-0343-9},
 location = {Midland, Michigan, USA},
 pages = {69--72},
 numpages = {4},
 url = {http://doi.acm.org/10.1145/1867651.1867671},
 doi = {10.1145/1867651.1867671},
 acmid = {1867671},
 publisher = {ACM},
 address = {New York, NY, USA},
 keywords = {Google wave, collaborative editor, eclipse, open source, real-time}
}