@inproceedings{Lee:2010,
 author = {Lee, David C. and Ke, Qifa and Isard, Michael},
 title = {{P}artition {M}in-hash for {P}artial {D}uplicate {I}mage {D}iscovery},
 booktitle = {Proceedings of the 11th European Conference on Computer Vision: Part I},
 series = {ECCV'10},
 year = {2010},
 isbn = {3-642-15548-0, 978-3-642-15548-2},
 location = {Heraklion, Crete, Greece},
 pages = {648--662},
 numpages = {15},
 url = {http://dl.acm.org/citation.cfm?id=1886063.1886113},
 acmid = {1886113},
 publisher = {Springer-Verlag},
 address = {Berlin, Heidelberg},
 keywords = {min-hash, partial duplicate image discovery, partition min-hash},
}

@inproceedings{Srinivasan:2008,
 author = {Srinivasan, S H. and Sawant, Neela},
 title = {{F}inding {N}ear-duplicate {I}mages on the {W}eb {U}sing {F}ingerprints},
 booktitle = {Proceedings of the 16th ACM International Conference on Multimedia},
 series = {MM '08},
 year = {2008},
 isbn = {978-1-60558-303-7},
 location = {Vancouver, British Columbia, Canada},
 pages = {881--884},
 numpages = {4},
 url = {http://doi.acm.org/10.1145/1459359.1459512},
 doi = {10.1145/1459359.1459512},
 acmid = {1459512},
 publisher = {ACM},
 address = {New York, NY, USA},
 keywords = {fourier-mellin transform, near-duplicate image detection},
}

@inproceedings{Foo:2007,
 author = {Foo, Jun Jie and Zobel, Justin and Sinha, Ranjan and Tahaghoghi, S. M. M.},
 title = {{D}etection of {N}ear-duplicate {I}mages for {W}eb {S}earch},
 booktitle = {Proceedings of the 6th ACM International Conference on Image and Video Retrieval},
 series = {CIVR '07},
 year = {2007},
 isbn = {978-1-59593-733-9},
 location = {Amsterdam, The Netherlands},
 pages = {557--564},
 numpages = {8},
 url = {http://doi.acm.org/10.1145/1282280.1282360},
 doi = {10.1145/1282280.1282360},
 acmid = {1282360},
 publisher = {ACM},
 address = {New York, NY, USA},
 keywords = {image redundancy, image replica detection, near-duplicate image matching},
}

@misc{ php:gdimg,
  author =		{The PHP Group},
  title =		{{GD} and {I}mage {F}unctions},
  year =		{2013},
  howpublished = {\url{http://php.net/manual/en/ref.image.php}},
  note =		{[Online; accessed 13-October-2013]},
}

@misc{ nix:gdsetup,
  author =		{nixCraft},
  title =		{{U}buntu {L}inux: {I}nstall or {A}dd {PHP}-{GD} {S}upport to {A}pache {W}eb {S}erver},
  year =		{2012},
  howpublished = {\url{http://www.cyberciti.biz/faq/ubuntu-linux-install-or-add-php-gd-support-to-apache/}},
  note =		{[Online; accessed 30-September-2013]},
}

@misc{ ubuntu:lampsetup,
  author =		{Ubuntu Documentation},
  title =		{{A}pache{M}y{SQLPHP} - {LAMP} {S}erver {S}etup {G}uide},
  year =		{2013},
  howpublished = {\url{http://php.net/manual/en/ref.image.php}},
  note =		{[Online; accessed 21-August-2013]},
}

@misc{ catpa:gdcode,
  author =		{CatPa.ws},
  title =		{{PHP} {GD} {D}uplicate {I}mage {F}inder},
  year =		{2010},
  howpublished = {\url{http://www.catpa.ws/php-duplicate-image-finder/}},
  note =		{[Online; accessed 13-September-2013]},
}

@misc{ nettuts:pdosqli,
  author =		{Dejan Marjanovic},
  title =		{{PDO} vs. {M}y{SQL}i: {W}hich {S}hould {Y}ou {U}se?},
  year =		{2012},
  howpublished = {\url{http://net.tutsplus.com/tutorials/php/pdo-vs-mysqli-which-should-you-use/}},
  note =		{[Online; accessed 02-October-2013]},
}

@misc{ php:uploads,
  author =		{The PHP Group},
  title =		{{POST} {M}ethod {U}ploads},
  year =		{2013},
  howpublished = {\url{http://de.php.net/manual/en/features.file-upload.post-method.php}},
  note =		{[Online; accessed 09-September-2013]},
}

@misc{ about:rename,
  author =		{Angela Bradley},
  title =		{{R}enaming {PHP} {U}ploads},
  year =		{2011},
  howpublished = {\url{http://php.about.com/od/advancedphp/ss/rename_upload.htm}},
  note =		{[Online; accessed 10-October-2013]},
}