@inproceedings{Kapfhammer2013,
  author    = "Gregory M. Kapfhammer and Phil McMinn and Chris J. Wright",
  title     = "Search-Based Testing of Relational Schema Integrity Constraints Across Multiple Database Management Systems",
  booktitle = "International Conference on Software Testing, Verification and Validation (ICST 2013)",
  location  = "Luxembourg",
  month     = "March",
  year      = "2013",
  publisher = "IEEE"
}