@article{Rasmussen:2013:TBE:2427631.2427634,
 author = {Rasmussen, Alexander and Porter, George and Conley, Michael and Madhyastha, Harsha V. and Mysore, Radhika Niranjan and Pucher, Alexander and Vahdat, Amin},
 title = {TritonSort: A Balanced and Energy-Efficient Large-Scale Sorting System},
 journal = {ACM Trans. Comput. Syst.},
 issue_date = {February 2013},
 volume = {31},
 number = {1},
 month = feb,
 year = {2013},
 issn = {0734-2071},
 pages = {3:1--3:28},
 articleno = {3},
 numpages = {28},
 url = {http://doi.acm.org/10.1145/2427631.2427634},
 doi = {10.1145/2427631.2427634},
 acmid = {2427634},
 publisher = {ACM},
 address = {New York, NY, USA},
 keywords = {Data-intensive computing, balanced systems, sorting, system optimization}
}
