@inproceedings{Zhuang:2010:IEE:1814433.1814464,
 author = {Zhuang, Zhenyun and Kim, Kyu-Han and Singh, Jatinder Pal},
 title = {Improving energy efficiency of location sensing on smartphones},
 booktitle = {Proceedings of the 8th international conference on Mobile systems, applications, and services},
 series = {MobiSys '10},
 year = {2010},
 isbn = {978-1-60558-985-5},
 location = {San Francisco, California, USA},
 pages = {315--330},
 numpages = {16},
 url = {http://doi.acm.org/10.1145/1814433.1814464},
 doi = {10.1145/1814433.1814464},
 acmid = {1814464},
 publisher = {ACM},
 address = {New York, NY, USA},
 keywords = {energy efficiency, location sensing, location-based applications, smartphone}
}

@article{Fei:2008:EFD:1347375.1347380,
 author = {Fei, Yunsi and Zhong, Lin and Jha, Niraj K.},
 title = {An energy-aware framework for dynamic software management in mobile computing systems},
 journal = {ACM Trans. Embed. Comput. Syst.},
 issue_date = {April 2008},
 volume = {7},
 number = {3},
 month = may,
 year = {2008},
 issn = {1539-9087},
 pages = {27:1--27:31},
 articleno = {27},
 numpages = {31},
 url = {http://doi.acm.org/10.1145/1347375.1347380},
 doi = {10.1145/1347375.1347380},
 acmid = {1347380},
 publisher = {ACM},
 address = {New York, NY, USA},
 keywords = {Software adaptation, energy macromodel, runtime coordination}
}