@inproceedings{Sung,
 author = {Sung, Sam Y. and Li, Zhao and Sun, Peng},
 title = {A Fast Filtering Scheme for Large Database Cleansing},
 booktitle = {Proceedings of the eleventh international conference on Information and knowledge management},
 series = {CIKM '02},
 year = {2002},
 isbn = {1-58113-492-4},
 location = {McLean, Virginia, USA},
 pages = {76--83},
 numpages = {8},
 url = {http://doi.acm.org/10.1145/584792.584808},
 doi = {10.1145/584792.584808},
 acmid = {584808},
 publisher = {ACM},
 address = {New York, NY, USA},
 keywords = {data cleansing, duplicate elimination, filtering scheme, similarity}
}

@inproceedings{Wu,
 author = {Wu, Chin-Hsien and Wu, Hau-Shan},
 title = {A Data De-duplication Access Framework for Solid State Drives},
 booktitle = {Proceedings of the 2011 ACM Symposium on Applied Computing},
 series = {SAC '11},
 year = {2011},
 isbn = {978-1-4503-0113-8},
 location = {TaiChung, Taiwan},
 pages = {600--604},
 numpages = {5},
 url = {http://doi.acm.org/10.1145/1982185.1982313},
 doi = {10.1145/1982185.1982313},
 acmid = {1982313},
 publisher = {ACM},
 address = {New York, NY, USA},
 keywords = {data de-duplication, embedded systems, flash memory, solid state drives}
}

@inproceedings{Meister,
 author = {Meister, Dirk and Brinkmann, Andr{\'e}},
 title = {Multi-level Comparison of Data Deduplication in a Backup Scenario},
 booktitle = {Proceedings of SYSTOR 2009: The Israeli Experimental Systems Conference},
 series = {SYSTOR '09},
 year = {2009},
 isbn = {978-1-60558-623-6},
 location = {Haifa, Israel},
 pages = {8:1--8:12},
 articleno = {8},
 numpages = {12},
 url = {http://doi.acm.org/10.1145/1534530.1534541},
 doi = {10.1145/1534530.1534541},
 acmid = {1534541},
 publisher = {ACM},
 address = {New York, NY, USA},
 keywords = {backup, compression, deduplication, temporal redundancy}
}

@article{Bitton,
 author = {Bitton, Dina and DeWitt, David J.},
 title = {Duplicate Record Elimination in Large Data Files},
 journal = {ACM Trans. Database Syst.},
 issue_date = {June 1983},
 volume = {8},
 number = {2},
 month = jun,
 year = {1983},
 issn = {0362-5915},
 pages = {255--265},
 numpages = {11},
 url = {http://doi.acm.org/10.1145/319983.319987},
 doi = {10.1145/319983.319987},
 acmid = {319987},
 publisher = {ACM},
 address = {New York, NY, USA},
 keywords = {duplicate elimination, projection operator, sorting}
}

@inproceedings{Quinlan,
 author = {Quinlan, Sean and Dorward, Sean},
 title = {Venti: A New Approach to Archival Data Storage},
 booktitle = {Proceedings of the 1st USENIX Conference on File and Storage Technologies},
 series = {FAST '02},
 year = {2002},
 location = {Monterey, CA},
 articleno = {7},
 url = {http://dl.acm.org/citation.cfm?id=1083323.1083333},
 acmid = {1083333},
 publisher = {USENIX Association},
 address = {Berkeley, CA, USA}
}