@InProceedings{conrad-gecco-selection-study,
  author = 	 {Alexander P. Conrad and Robert S. Roos and Gregory M. Kapfhammer},
  title = 	 {Empirically Studying the Role of Selection Operators During Search-Based Test Suite Prioritization},
  booktitle = {Proceedings of the ACM SIGEVO Genetic and Evolutionary Computation Conference},
  year = 	 {2010},
  address = 	 {Portland, Oregon},
  month = 	 {July}
}