@InProceedings{Kin:2012:PMG:2208636.2208694,
 author = {Kin, Kenrick and Hartmann, Bj\"{o}rn and DeRose, Tony and Agrawala, Maneesh},
 title = {Proton: multitouch gestures as regular expressions},
 booktitle = {Proceedings of the 2012 ACM annual conference on Human Factors in Computing Systems},
 series = {CHI '12},
 year = {2012},
 isbn = {978-1-4503-1015-4},
 location = {Austin, Texas, USA},
 pages = {2885--2894},
 numpages = {10},
 url = {http://doi.acm.org/10.1145/2208636.2208694},
 doi = {10.1145/2208636.2208694},
 acmid = {2208694},
 publisher = {ACM},
 address = {New York, NY, USA},
 keywords = {UI framework, conflict detection, gesture tablature editor, multitouch, regular expressions}
}

@InProceedings{Kin:2012:PCD:2380116.2380176,
 author = {Kin, Kenrick and Hartmann, Bj\"{o}rn and DeRose, Tony and Agrawala, Maneesh},
 title = {Proton++: a customizable declarative multitouch framework},
 booktitle = {Proceedings of the 25th annual ACM symposium on User interface software and technology},
 series = {UIST '12},
 year = {2012},
 isbn = {978-1-4503-1580-7},
 location = {Cambridge, Massachusetts, USA},
 pages = {477--486},
 numpages = {10},
 url = {http://doi.acm.org/10.1145/2380116.2380176},
 doi = {10.1145/2380116.2380176},
 acmid = {2380176},
 publisher = {ACM},
 address = {New York, NY, USA},
 keywords = {custom attributes, gesture tablature, proton++, regular expressions, touch events symbols}
}