% This is a sample BibTeX bibliography file, showing articles, theses, 
% proceedings, books and collections being cited
%
% Bibtex is fairly lax about capitalization, so AUTHOR, author, Author, are all
% equivalent ways to specify the author(s) of a work. Similarly, things can be
% in quotation marks or enclosed in "{...}" or sometimes just printed with no
% enclosing punctuation at all.
%
% Bibtex entries copied from the Web (even from the ACM Digital Library site) are
% often wrong, or badly formatted. PROOFREAD YOUR BIBTEX FILE!
%
% To force a word to be capitalized when BibTeX doesn't want to do it, put 
% braces around the first letter, like this:
%          {T}hird {I}nternational {C}onference on {C}omputer {G}aming
%
% For URLs, use the \url{...} command inside a NOTE item, e.g.,
%
%           NOTE = {\url{http://cs.allegheny.edu}. Accessed 1 April 2013.},
%
% (There is a url entry type; it does not display anything.)

@misc{about:rename,
  author =		{Bradley, Angela},
  title =		{{R}enaming {PHP} {U}ploads},
  year =		{2011},
  howpublished = {\url{http://php.about.com/od/advancedphp/ss/rename_upload.htm}},
  note =		{[Online; accessed 10-October-2013]},
}

@article{Acharya:2007,
 author = {Acharya, Tinku and Tsai, Ping-Sing},
 title = {{C}omputational {F}oundations of {I}mage {I}nterpolation {A}lgorithms},
 journal = {Ubiquity},
 volume = {2007},
 number = {October},
 month = oct,
 year = {2007},
 issn = {1530-2180},
 pages = {4:1--4:17},
 articleno = {4},
 numpages = {17},
 url = {http://doi.acm.org/10.1145/1317487.1317488},
 doi = {10.1145/1317487.1317488},
 acmid = {1317488},
 publisher = {ACM},
 address = {New York, NY, USA},
 keywords = {DWT, filtering, interpolation, sampling, scaling},
}

@misc{catpa:gdcode,
  author =		{CatPa.ws},
  title =		{{PHP} {GD} {D}uplicate {I}mage {F}inder},
  year =		{2010},
  howpublished = {\url{http://www.catpa.ws/php-duplicate-image-finder/}},
  note =		{[Online; accessed 13-September-2013]},
}

@inproceedings{Centeno:2012:CAA:2245276.2245290,
 author = {Centeno, Tania Mezzadri and Akyama, M\'{a}rcio Teruo},
 title = {{C}lustering {A}pproach {A}lgorithm for {I}mage {I}nterpolation},
 booktitle = {Proceedings of the 27th Annual ACM Symposium on Applied Computing},
 series = {SAC '12},
 year = {2012},
 isbn = {978-1-4503-0857-1},
 location = {Trento, Italy},
 pages = {56--57},
 numpages = {2},
 url = {http://doi.acm.org/10.1145/2245276.2245290},
 doi = {10.1145/2245276.2245290},
 acmid = {2245290},
 publisher = {ACM},
 address = {New York, NY, USA},
 keywords = {clustering interpolation, edge preserving, image interpolation, resizing, zooming},
}

@misc{dic:com,
  author =		{Dictionary.com},
  title =		{{D}efinition of {P}hoto {S}haring},
  year =		{2013},
  howpublished = {\url{www.dictionary.com}},
  note =		{[Online; accessed 20-November-2013]},
}

@inproceedings{Foo:2007,
 author = {Foo, Jun Jie and Zobel, Justin and Sinha, Ranjan and Tahaghoghi, S. M. M.},
 title = {{D}etection of {N}ear-duplicate {I}mages for {W}eb {S}earch},
 booktitle = {Proceedings of the 6th ACM International Conference on Image and Video Retrieval},
 series = {CIVR '07},
 year = {2007},
 isbn = {978-1-59593-733-9},
 location = {Amsterdam, The Netherlands},
 pages = {557--564},
 numpages = {8},
 url = {http://doi.acm.org/10.1145/1282280.1282360},
 doi = {10.1145/1282280.1282360},
 acmid = {1282360},
 publisher = {ACM},
 address = {New York, NY, USA},
 keywords = {image redundancy, image replica detection, near-duplicate image matching},
}

@inproceedings{Lee:2010,
 author = {Lee, David C. and Ke, Qifa and Isard, Michael},
 title = {{P}artition {M}in-hash for {P}artial {D}uplicate {I}mage {D}iscovery},
 booktitle = {Proceedings of the 11th European Conference on Computer Vision: Part I},
 series = {ECCV'10},
 year = {2010},
 isbn = {3-642-15548-0, 978-3-642-15548-2},
 location = {Heraklion, Crete, Greece},
 pages = {648--662},
 numpages = {15},
 url = {http://dl.acm.org/citation.cfm?id=1886063.1886113},
 acmid = {1886113},
 publisher = {Springer-Verlag},
 address = {Berlin, Heidelberg},
 keywords = {min-hash, partial duplicate image discovery, partition min-hash},
}

@misc{meek:500,
  author =		{{All Things Digital}},
  title =		{{M}eeker: 500 {M}illion {P}hotos {S}hared {P}er {D}ay and {T}hat's on {T}rack to {D}ouble in 12 {M}onths},
  year =		{2013},
  howpublished = {\url{http://allthingsd.com/20130529/meeker-500-million-photos-shared-per-day-and-thats-on-track-to-double-in-12-months/}},
  note =		{[Online; accessed 20-November-2013]},
}

@misc{nettuts:pdosqli,
  author =		{Marjanovic, Dejan},
  title =		{{PDO} vs. {M}y{SQL}i: {W}hich {S}hould {Y}ou {U}se?},
  year =		{2012},
  howpublished = {\url{http://net.tutsplus.com/tutorials/php/pdo-vs-mysqli-which-should-you-use/}},
  note =		{[Online; accessed 02-October-2013]},
}

@misc{nix:gdsetup,
  author =		{nixCraft},
  title =		{{U}buntu {L}inux: {I}nstall or {A}dd {PHP}-{GD} {S}upport to {A}pache {W}eb {S}erver},
  year =		{2012},
  howpublished = {\url{http://www.cyberciti.biz/faq/ubuntu-linux-install-or-add-php-gd-support-to-apache/}},
  note =		{[Online; accessed 30-September-2013]},
}

@misc{ntps:staledata,
  author =		{{NTP Software}},
  title =		{{S}urvey {S}ays {N}early {T}wo-{T}hirds of {F}iles on {P}rimary {S}torage {A}re {S}tale},
  year =		{2013},
  howpublished = {\url{www.ntpsoftware.com/pressroom/survey-says-nearly-two-thirds-files-primary-storage-are-stale}},
  note =		{[Online; accessed 31-October-2013]},
}

@misc{php:gdimg,
  author =		{The {PHP Group}},
  title =		{{GD} and {I}mage {F}unctions},
  year =		{2013},
  howpublished = {\url{http://php.net/manual/en/ref.image.php}},
  note =		{[Online; accessed 13-October-2013]},
}

@misc{php:uploads,
  author =		{The {PHP Group}},
  title =		{{POST} {M}ethod {U}ploads},
  year =		{2013},
  howpublished = {\url{http://de.php.net/manual/en/features.file-upload.post-method.php}},
  note =		{[Online; accessed 09-September-2013]},
}

@inproceedings{Qu:2013:SMS:2499788.2499863,
 author = {Qu, Yanyun and Song, Shuyang and Yang, Jiangjun and Li, Jianmin},
 title = {Spatial min-Hash for Similar Image Search},
 booktitle = {Proceedings of the Fifth International Conference on Internet Multimedia Computing and Service},
 series = {ICIMCS '13},
 year = {2013},
 isbn = {978-1-4503-2252-2},
 location = {Huangshan, China},
 pages = {287--290},
 numpages = {4},
 url = {http://doi.acm.org/10.1145/2499788.2499863},
 doi = {10.1145/2499788.2499863},
 acmid = {2499863},
 publisher = {ACM},
 address = {New York, NY, USA},
 keywords = {bag of words, binarys IFT, min-Hash, patial min-Hash, similar image searching},
}

@misc{snap:support,
  author =		{{Snapchat Inc.}},
  title =		{{S}napchat {S}upport},
  year =		{2013},
  howpublished = {\url{http://support.snapchat.com/}},
  note =		{[Online; accessed 9-December-2013]},
}

@inproceedings{Srinivasan:2008,
 author = {Srinivasan, S H. and Sawant, Neela},
 title = {{F}inding {N}ear-duplicate {I}mages on the {W}eb {U}sing {F}ingerprints},
 booktitle = {Proceedings of the 16th ACM International Conference on Multimedia},
 series = {MM '08},
 year = {2008},
 isbn = {978-1-60558-303-7},
 location = {Vancouver, British Columbia, Canada},
 pages = {881--884},
 numpages = {4},
 url = {http://doi.acm.org/10.1145/1459359.1459512},
 doi = {10.1145/1459359.1459512},
 acmid = {1459512},
 publisher = {ACM},
 address = {New York, NY, USA},
 keywords = {fourier-mellin transform, near-duplicate image detection},
}

@misc{tecnick:testimage,
  author =		{Asuni, Nicola},
  title =		{{TESTIMAGES}},
  year =		{2013},
  howpublished = {\url{www.tecnick.com/public/code/cp_dpage.php?aiocp_dp=testimages}},
  note =		{[Online; accessed 3-November-2013]},
}

@misc{ubuntu:lampsetup,
  author =		{{Ubuntu Documentation}},
  title =		{{A}pache{M}y{SQLPHP} - {LAMP} {S}erver {S}etup {G}uide},
  year =		{2013},
  howpublished = {\url{https://help.ubuntu.com/community/ApacheMySQLPHP}},
  note =		{[Online; accessed 21-August-2013]},
}

@misc{pixelmath,
  author =		{{University of Washington Computer Science Department}},
  title =		{{D}ownload of the {P}ixel{M}ath {S}oftware},
  year =		{2013},
  howpublished = {\url{http://pixels.cs.washington.edu/PixelMath/pmdownload/request.php}},
  note =		{[Online; accessed 31-March-2014]},
}

@inproceedings{Wu:2007:NII:1777454.1777548,
 author = {Wu, Jiying and Ruan, Qiuqi and An, Gaoyun},
 title = {{A} {N}ovel {I}mage {I}nterpolation {M}ethod {B}ased on {B}oth {L}ocal and {G}lobal {I}nformation},
 booktitle = {Proceedings of the Intelligent Computing 3rd International Conference on Advanced Intelligent Computing Theories and Applications},
 series = {ICIC'07},
 year = {2007},
 isbn = {3-540-74170-4, 978-3-540-74170-1},
 location = {Qingdao, China},
 pages = {842--851},
 numpages = {10},
 url = {http://dl.acm.org/citation.cfm?id=1777454.1777548},
 acmid = {1777548},
 publisher = {Springer-Verlag},
 address = {Berlin, Heidelberg},
}

@inproceedings{ZhangYinZhou,
 author = {Zhang, Yin and Jin, Rong and Zhou, Zhi-Hua},
 title = {{U}nderstanding {B}ag-of-{W}ords {M}odel: {A} {S}tatistical {F}ramework},
 booktitle = {International Journal of Machine Learning and Cybernetics },
 series = {IJMLC '10},
 year = {2010},
 location = {Nanjing, China},
 pages = {43--52},
 numpages = {10},
 url = {http://cs.nju.edu.cn/zhouzh/zhouzh.files/publication/ijmlc10.pdf},
 doi = {10.1007/s13042-010-0001-0},
 publisher = {Springer-Verlag},
 address = {New York, NY, USA},
 keywords = {object recognition, bag of words model, rademacher complexity},
}