@InProceedings{Bird:2012:AVB:2393596.2393648,
 author = {Bird, Christian and Zimmermann, Thomas},
 title = {Assessing the value of branches with what-if analysis},
 booktitle = {Proceedings of the ACM SIGSOFT 20th International Symposium on the Foundations of Software Engineering},
 series = {FSE '12},
 year = {2012},
 isbn = {978-1-4503-1614-9},
 location = {Cary, North Carolina},
 pages = {45:1--45:11},
 articleno = {45},
 numpages = {11},
 url = {http://doi.acm.org/10.1145/2393596.2393648},
 doi = {10.1145/2393596.2393648},
 acmid = {2393648},
 publisher = {ACM},
 address = {New York, NY, USA},
 keywords = {branch refactoring, branches, concurrent development, coordination, teams, what-if analysis}
}