@inproceedings{Sung:2002:FFS:584792.584808,
 author = {Sung, Sam Y. and Li, Zhao and Sun, Peng},
 title = {A fast filtering scheme for large database cleansing},
 booktitle = {Proceedings of the eleventh international conference on Information and knowledge management},
 series = {CIKM '02},
 year = {2002},
 isbn = {1-58113-492-4},
 location = {McLean, Virginia, USA},
 pages = {76--83},
 numpages = {8},
 url = {http://doi.acm.org/10.1145/584792.584808},
 doi = {10.1145/584792.584808},
 acmid = {584808},
 publisher = {ACM},
 address = {New York, NY, USA},
 keywords = {data cleansing, duplicate elimination, filtering scheme, similarity}
}

@inproceedings{Wu:2011:DDA:1982185.1982313,
 author = {Wu, Chin-Hsien and Wu, Hau-Shan},
 title = {A data de-duplication access framework for solid state drives},
 booktitle = {Proceedings of the 2011 ACM Symposium on Applied Computing},
 series = {SAC '11},
 year = {2011},
 isbn = {978-1-4503-0113-8},
 location = {TaiChung, Taiwan},
 pages = {600--604},
 numpages = {5},
 url = {http://doi.acm.org/10.1145/1982185.1982313},
 doi = {10.1145/1982185.1982313},
 acmid = {1982313},
 publisher = {ACM},
 address = {New York, NY, USA},
 keywords = {data de-duplication, embedded systems, flash memory, solid state drives}
}