@inproceedings{a1,
 author = {Anderson, Lesley and Purdy, Dr. Jon and Viant, Warren},
 title = {Variations on a Fuzzy Logic Gesture Recognition Algorithm},
 booktitle = {Proceedings of the 2004 ACM SIGCHI International Conference on Advances in computer entertainment technology},
 series = {ACE '04},
 year = {2004},
 isbn = {1-58113-882-2},
 location = {Singapore},
 pages = {280--283},
 numpages = {4},
 url = {http://doi.acm.org/10.1145/1067343.1067382},
 doi = {10.1145/1067343.1067382},
 acmid = {1067382},
 publisher = {ACM},
 address = {New York, NY, USA},
 keywords = {control, fuzzy logic, games, gesture recognition, wand}
}

@inproceedings{a2,
 author = {Shimada, Atsushi and Kawashima, Manabu and Taniguchi, Rin-ichiro},
 title = {Early Recognition Based on Co-occurrence of Gesture Patterns},
 booktitle = {Proceedings of the 17th international conference on Neural information processing: models and applications - Volume Part II},
 series = {ICONIP'10},
 year = {2010},
 isbn = {3-642-17533-3, 978-3-642-17533-6},
 location = {Sydney, Australia},
 pages = {431--438},
 numpages = {8},
 url = {http://dl.acm.org/citation.cfm?id=1939751.1939810},
 acmid = {1939810},
 publisher = {Springer-Verlag},
 address = {Berlin, Heidelberg},
 keywords = {co-occurring gesture, early recognition, gesture recognition, self-organizing map}
}
